<record><leader>00000cas a2200000 a 4500</leader><controlfield tag="001">32919054</controlfield><controlfield tag="008">950804d19121914txudn ne      0    0eng c</controlfield><datafield ind1=" " ind2=" " tag="010"><subfield code="a">sn 95078919 </subfield></datafield><datafield ind1=" " ind2=" " tag="040"><subfield code="a">PPM</subfield><subfield code="b">eng</subfield><subfield code="c">PPM</subfield><subfield code="d">NPI</subfield><subfield code="d">IUL</subfield><subfield code="d">OCLCQ</subfield><subfield code="d">OCLCF</subfield><subfield code="d">IUL</subfield><subfield code="d">OCL</subfield></datafield><datafield ind1=" " ind2=" " tag="042"><subfield code="a">pcc</subfield></datafield><datafield ind1=" " ind2=" " tag="043"><subfield code="a">n-us-in</subfield></datafield><datafield ind1="0" ind2=" " tag="130"><subfield code="a">Indiana student (Bloomington, Ind. : 1912)</subfield></datafield><datafield ind1="1" ind2="0" tag="245"><subfield code="a">Indiana student.</subfield></datafield><datafield ind1=" " ind2=" " tag="260"><subfield code="a">Bloomington, Ind. :</subfield><subfield code="b">Journalism Dept.,</subfield><subfield code="c">1912-1914.</subfield></datafield><datafield ind1=" " ind2=" " tag="300"><subfield code="a">2 v.</subfield></datafield><datafield ind1=" " ind2=" " tag="310"><subfield code="a">Daily (during the university year) except Sunday</subfield></datafield><datafield ind1="0" ind2=" " tag="362"><subfield code="a">Vol. 38, no. 1 (Sept. 25, 1912)-v. 39, no. 181 (Aug. 4, 1914).</subfield></datafield><datafield ind1="2" ind2="0" tag="610"><subfield code="a">Indiana University</subfield><subfield code="v">Newspapers.</subfield></datafield><datafield ind1=" " ind2="0" tag="650"><subfield code="a">College students' writings, American</subfield><subfield code="z">Indiana</subfield><subfield code="z">Bloomington</subfield><subfield code="v">Newspapers.</subfield></datafield><datafield ind1=" " ind2="0" tag="651"><subfield code="a">Bloomington (Ind.)</subfield><subfield code="v">Newspapers.</subfield></datafield><datafield ind1=" " ind2="0" tag="651"><subfield code="a">Monroe County (Ind.)</subfield><subfield code="v">Newspapers.</subfield></datafield><datafield ind1="2" ind2="7" tag="610"><subfield code="a">Indiana University.</subfield><subfield code="2">fast</subfield><subfield code="0">(OCoLC)fst00549864</subfield></datafield><datafield ind1=" " ind2="7" tag="650"><subfield code="a">College students' writings, American.</subfield><subfield code="2">fast</subfield><subfield code="0">(OCoLC)fst00868081</subfield></datafield><datafield ind1=" " ind2="7" tag="651"><subfield code="a">Indiana</subfield><subfield code="z">Monroe County.</subfield><subfield code="2">fast</subfield><subfield code="0">(OCoLC)fst01205536</subfield></datafield><datafield ind1=" " ind2="7" tag="651"><subfield code="a">Indiana</subfield><subfield code="z">Bloomington.</subfield><subfield code="2">fast</subfield><subfield code="0">(OCoLC)fst01210515</subfield></datafield><datafield ind1=" " ind2="7" tag="655"><subfield code="a">Newspapers.</subfield><subfield code="2">fast</subfield><subfield code="0">(OCoLC)fst01423814</subfield></datafield><datafield ind1=" " ind2=" " tag="752"><subfield code="a">United States</subfield><subfield code="b">Indiana</subfield><subfield code="c">Monroe</subfield><subfield code="d">Bloomington.</subfield></datafield><datafield ind1="0" ind2="0" tag="780"><subfield code="t">Daily student (Bloomington, Ind.)</subfield><subfield code="w">(DLC)sn 85021177</subfield><subfield code="w">(OCoLC)12048163</subfield></datafield><datafield ind1="0" ind2="0" tag="785"><subfield code="t">Indiana daily student</subfield><subfield code="x">0740-9664</subfield><subfield code="w">(DLC)sn 83004563</subfield><subfield code="w">(OCoLC)7980535</subfield></datafield><datafield ind1="1" ind2=" " tag="029"><subfield code="a">AU@</subfield><subfield code="b">000025865395</subfield></datafield></record>